
@article{Prostov2014-MAI,
	title = {Нейросетевой механизм адаптации при решении кусочно-постоянной задачи анализа независимых компонент},
	issn = {1727-6942},
	url = {http://www.mai.ru/upload/iblock/b93/b93ace346a83df98a2c0dbc79eb43f0a.pdf},
	number = {78},
	journaltitle = {Труды МАИ},
	author = {Простов, Ю.~С. and Тюменцев, Ю.~В.},
	urldate = {2016-06-26},
	date = {2014},
	langid = {russian}
}

@article{Prostov2015-OMNN,
	title = {A hysteresis micro ensemble as a basic element of an adaptive neural net},
	volume = {24},
	issn = {1060-992X, 1934-7898},
	url = {http://link.springer.com/10.3103/S1060992X15020113},
	doi = {10.3103/S1060992X15020113},
	pages = {116--122},
	number = {2},
	journaltitle = {Optical Memory and Neural Networks},
	author = {Prostov, Yu.~S. and Tiumentsev, Yu.~V.},
	urldate = {2016-06-26},
	date = {2015-04},
	langid = {english}
}

@article{Prostov2015-MEPhI,
	title = {Нейросетевая модель конечного автомата на основе гистерезисных микроансамблей},
	volume = {4},
	issn = {2304-487X},
	url = {http://elibrary.ru/item.asp?doi=10.1134/S2304487X15050107},
	doi = {10.1134/S2304487X15050107},
	pages = {447--453},
	number = {5},
	journaltitle = {Вестник НИЯУ МИФИ},
	author = {Простов, Ю.~С. and Тюменцев, Ю.~В.},
	urldate = {2016-06-26},
	date = {2015},
	langid = {russian}
}
