
@inproceedings{Prostov2013-AIK,
	location = {Москва},
	title = {Мультимодальная ассоциативная нейронная сеть с контекстно-зависимой адаптацией},
	eventtitle = {12-я Международная конференция «Авиация и Космонавтика – 2013»},
	pages = {618--619},
	booktitle = {Тезисы докладов},
	publisher = {Мастерская печати},
	author = {Простов, Ю.~С. and Тюменцев, Ю.~В.},
	date = {2013}
}

@inproceedings{Prostov2014-AIK,
    location = {Москва},
    title = {Контекстно-зависимое распознавание образов на базе нейросетевого моделирования},
    eventtitle = {13-я Международная конференция «Авиация и Космонавтика – 2014»},
    pages = {667--668},
    booktitle = {Тезисы докладов},
    publisher = {Мастерская печати},
    author = {Простов, Ю.~С. and Тюменцев, Ю.~В.},
    date = {2014}
}

@inproceedings{Prostov2015-AIK,
    location = {Москва},
    title = {Нейросетевая модель адаптивного конечного автомата на основе гистерезисных микроансамблей},
    eventtitle = {14-я Международная конференция «Авиация и Космонавтика – 2015»},
    pages = {452--453},
    booktitle = {Тезисы докладов},
    publisher = {Мастерская печати},
    author = {Простов, Ю.~С. and Тюменцев, Ю.~В.},
    date = {2015}
}

@inproceedings{Prostov2014-IAK,
    location = {Москва},
    title = {Механизм адаптации искусственной нейронной сети на основе анализа активности её элементов},
    eventtitle = {Московская молодёжная научно-практическая конференция «Инновации в авиации и космонавтике - 2014»},
    pages = {172},
    booktitle = {Сборник тезисов докладов},
    publisher = {Принт-салон},
    author = {Простов, Ю.~С. and Тюменцев, Ю.~В.},
    date = {2014}
}

@inproceedings{Prostov2015-IAK,
    location = {Москва},
    title = {Адаптивное распознавание образов на основе сети нейронных микроансамблей},
    eventtitle = {Московская молодёжная научно-практическая конференция «Инновации в авиации и космонавтике - 2015»},
    pages = {153--154},
    booktitle = {Сборник тезисов докладов},
    publisher = {Принт-салон},
    author = {Простов, Ю.~С. and Тюменцев, Ю.~В.},
    date = {2015}
}

@inproceedings{Prostov2014-NKP,
    location = {Москва},
    title = {Адаптационный механизм корректировки весов межнейронных связей на основе анализа активности нейронной сети},
    eventtitle = {{XII} Всероссийская научная конференция «Нейрокомпьютеры и их применение»},
    pages = {47--48},
    booktitle = {Тезисы докладов},
    publisher = {ГБОУ ВПО МГППУ},
    author = {Простов, Ю.~С. and Тюменцев, Ю.~В.},
    date = {2014}
}

@inproceedings{Prostov2015-NKP,
    location = {Москва},
    title = {Нейросетевая модель на базе гистерезисных микроансамблей},
    eventtitle = {{XIII} Всероссийская научная конференция «Нейрокомпьютеры и их применение»},
    pages = {47--48},
    booktitle = {Тезисы докладов},
    publisher = {ГБОУ ВПО МГППУ},
    author = {Простов, Ю.~С. and Тюменцев, Ю.~В.},
    date = {2015}
}

@inproceedings{Prostov2016-NKP,
    location = {Москва},
    title = {Структура и свойства адаптивной k-WTA нейронной сети на основе модели гистерезисного микроансамбля},
    eventtitle = {{XIV} Всероссийская научная конференция «Нейрокомпьютеры и их применение»},
    pages = {72--73},
    booktitle = {Тезисы докладов},
    publisher = {ГБОУ ВПО МГППУ},
    author = {Простов, Ю.~С. and Тюменцев, Ю.~В.},
    date = {2016}
}

@inproceedings{Prostov2015-NI,
	location = {Москва},
	title = {Исследование нейросетевой модели на базе гистерезисного микроансамбля},
	volume = {1},
	eventtitle = {{XVII} Всероссийская научно-техническая конференция «Нейроинформатика – 2015»},
	pages = {116--126},
	booktitle = {Сборник научных трудов},
	publisher = {НИЯУ МИФИ},
	author = {Простов, Ю.~С. and Тюменцев, Ю.~В.},
	date = {2015}
}

@inproceedings{Prostov2015-Lomonosov,
	location = {Москва},
	title = {Контекстно-зависимое распознавание образов на основе сети нейронных микроансамблей},
	eventtitle = {{XXII} Международная научная конференция студентов, аспирантов и молодых учёных «Ломоносов – 2015»},
	pages = {65--67},
	booktitle = {Секция «Вычислительная математика и кибернетика». Сборник тезисов.},
	publisher = {МАКС Пресс},
	author = {Простов, Ю.~С. and Тюменцев, Ю.~В.},
	date = {2015}
}

@misc{Prostov2015-Ekobionika,
	title = {Нейросетевая модель гистерезисного микроансамбля и его применение в задаче контекстно-зависимого распознавания образов},
	howpublished = {МГТУ им. Н.~Э.~Баумана, Междисциплинарный научный семинар «Экобионика»},
	author = {Простов, Ю.~С.},
	date = {2015}
}
