
@article{Prostov2015-ESU,
	title = {Исследование гистерезисного микроансамбля как образующего элемента адаптивной нейронной сети},
	volume = {1},
	pages = {163--167},
	number = {18},
	journaltitle = {Евразийский Союз Учёных (ЕСУ)},
	author = {Простов, Ю.~С. and Тюменцев, Ю.~В.},
	date = {2015}
}
