
@inproceedings{Tiumentsev2002-KII,
    author = {Тюменцев, Ю.~В.},
    title = {Интеллектуальные автономные системы -- вызов информационным технологиям},
    booktitle = {Сборник трудов Восьмой Национальной конференции по искусственному интеллекту (КИИ'2002)},
    volume = {1},
    pages = {827--836},
    location = {М.},
    publisher = {Физматлит},
    date = {2002}
}

@article{Cybenko1989,
    title={Approximation by superpositions of a sigmoidal function},
    author={Cybenko, G.},
    journal={Mathematics of control, signals and systems},
    volume={2},
    number={4},
    pages={303--314},
    year={1989},
    publisher={Springer}
}

@book{Haykin2008,
    title={Нейронные сети: полный курс, 2-е издание},
    author={Хайкин, С.},
    year={2008},
    publisher={Издательский дом Вильямс}
}

@book{Vorontsov2015-SHAD,
    title={Машинное обучение (курс лекций)},
    author={Воронцов, К.~В.},
    year={2015},
    publisher={ШАД}
}

@article{Hopcroft2008,
    title={Введение в теорию автоматов, языков и вычислений},
    author={Хопкрофт, Дж. and Мотвани, Р. and Ульман, Дж.},
    journal={М.: Вильямс},
    year={2008}
}

@book{EmelyanovYaroslavsky1990,
    title={Интеллектуальная квазибиологическая система: Индуктивный автомат},
    author={Емельянов-Ярославский, Л.~Б. and Шевел{\"e}в, Я.~В.},
    year={1990},
    publisher={Наука}
}

@book{Dayan2001,
    title={Theoretical Neuroscience: Computational and Mathematical Modeling of Neural Systems},
    author={Dayan, P. and Abbott, L.~F.},
    isbn={9780262041997},
    lccn={2001044005},
    series={Computational neuroscience},
    year={2001},
    publisher={MIT Press}
}

@article{Foldiak1990,
    title={Forming sparse representations by local anti-Hebbian learning},
    author={F{\"o}ldiak, Peter},
    journal={Biological cybernetics},
    volume={64},
    number={2},
    pages={165--170},
    year={1990},
    publisher={Springer}
}

@book{Hyvarinen2004,
    title={Independent component analysis},
    author={Hyv{\"a}rinen, Aapo and Karhunen, Juha and Oja, Erkki},
    volume={46},
    year={2004},
    publisher={John Wiley \& Sons}
}

@book{Fyfe2007,
    title={Hebbian learning and negative feedback networks},
    author={Fyfe, Colin},
    year={2007},
    publisher={Springer Science \& Business Media}
}

@article{Izhikevich2003,
    title={Relating stdp to bcm},
    author={Izhikevich, Eugene M and Desai, Niraj S},
    journal={Neural computation},
    volume={15},
    number={7},
    pages={1511--1523},
    year={2003},
    publisher={MIT Press}
}

@book{Hairer1990,
    title={Решение обыкновенных дифференциальных уравнений. Нежесткие задачи},
    author={Хайрер, Эрнст and Нерсетт, С and Ваннер, Герхард},
    year={1990},
    publisher={Издательство МИР}
}